<?xml version="1.0" encoding="utf-8"?>
<record xmlns="http://www.loc.gov/MARC21/slim" xmlns:xsi="http://www.w3.org/2001/XMLSchema-instance" xsi:schemaLocation="http://www.loc.gov/MARC21/slim http://www.loc.gov/standards/marcxml/schema/MARC21slim.xsd">
	<leader>     nam a22        4500</leader>
	<controlfield tag="001">3111523</controlfield>
	<controlfield tag="003">NNC</controlfield>
	<controlfield tag="006">m        d        </controlfield>
	<controlfield tag="007">cr cn |||m|||a</controlfield>
	<controlfield tag="008">180119s1864    le      o     000 0dara d</controlfield>
	<datafield ind1=" " ind2=" " tag="040">
		<subfield code="a">NNU</subfield>
		<subfield code="b">eng</subfield>
		<subfield code="e">rda</subfield>
		<subfield code="c">NNU</subfield>
	</datafield>
	<datafield ind1=" " ind2=" " tag="066">
		<subfield code="c">(3</subfield>
	</datafield>
	<datafield ind1=" " ind2="4" tag="050">
		<subfield code="a">DF234.25</subfield>
		<subfield code="b">.S375 1864</subfield>
	</datafield>
	<datafield ind1="1" ind2=" " tag="100">
		<subfield code="6">880-01</subfield>
		<subfield code="a">Sarkīs, Ibrāhīm,</subfield>
		<subfield code="e">author.</subfield>
	</datafield>
	<datafield ind1="1" ind2="0" tag="245">
		<subfield code="6">880-02</subfield>
		<subfield code="a">Kitāb Ṣawt al-nafīr fī aʻmāl Iskandar al-Kabīr /</subfield>
		<subfield code="c">taʼlīf Ibrāhīm Sarkīs al-Lubnānī.</subfield>
	</datafield>
	<datafield ind1="3" ind2="0" tag="246">
		<subfield code="6">880-03</subfield>
		<subfield code="a">Ṣawt al-nafīr fī aʻmāl Iskandar al-Kabīr</subfield>
	</datafield>
	<datafield ind1=" " ind2="1" tag="264">
		<subfield code="6">880-04</subfield>
		<subfield code="a">Bayrūt :</subfield>
		<subfield code="b">Ibrāhīm wa-Shāhīn Sarkīs,</subfield>
		<subfield code="c">1864.</subfield>
	</datafield>
	<datafield ind1=" " ind2=" " tag="300">
		<subfield code="a">online resource (36 pages)</subfield>
	</datafield>
	<datafield ind1=" " ind2=" " tag="336">
		<subfield code="a">text</subfield>
		<subfield code="2">rdacontent</subfield>
	</datafield>
	<datafield ind1=" " ind2=" " tag="337">
		<subfield code="a">computer</subfield>
		<subfield code="2">rdamedia</subfield>
	</datafield>
	<datafield ind1=" " ind2=" " tag="338">
		<subfield code="a">online resource</subfield>
		<subfield code="2">rdacarrier</subfield>
	</datafield>
	<datafield ind1=" " ind2=" " tag="500">
		<subfield code="6">880-05</subfield>
		<subfield code="a">&quot;Nubdhah tataḍammanu dhikr qatl Luwīs al-Sādis ʻAshar Malik Faransā wa-waṣīyatihi al-akhīrah&quot; (pages 32-36).</subfield>
	</datafield>
	<datafield ind1=" " ind2=" " tag="500">
		<subfield code="6">880-06</subfield>
		<subfield code="a">&quot;Ṭabaʻahu muʼallifuhu wa-akhūhu Shāhīn Sarkīs fī Bayrūt sanat 1864 Masīḥīyah&quot;--Page 36.</subfield>
	</datafield>
	<datafield ind1=" " ind2=" " tag="500">
		<subfield code="a">Part of the Arabic Collections Online (ACO) project, contributed by Columbia University Libraries.</subfield>
	</datafield>
	<datafield ind1=" " ind2=" " tag="533">
		<subfield code="a">Electronic reproduction.</subfield>
		<subfield code="b">New York, N.Y. :</subfield>
		<subfield code="c">New York University,</subfield>
		<subfield code="d">2018.</subfield>
		<subfield code="5">NNU</subfield>
	</datafield>
	<datafield ind1="0" ind2="0" tag="600">
		<subfield code="a">Alexander,</subfield>
		<subfield code="c">the Great,</subfield>
		<subfield code="d">356 B.C.-323 B.C.</subfield>
	</datafield>
	<datafield ind1="0" ind2="0" tag="600">
		<subfield code="a">Louis</subfield>
		<subfield code="b">XVI,</subfield>
		<subfield code="c">King of France,</subfield>
		<subfield code="d">1754-1793.</subfield>
	</datafield>
	<datafield ind1="0" ind2="7" tag="600">
		<subfield code="a">Alexander,</subfield>
		<subfield code="c">the Great,</subfield>
		<subfield code="d">356 B.C.-323 B.C.</subfield>
		<subfield code="2">fast</subfield>
		<subfield code="0">(OCoLC)fst01800513</subfield>
	</datafield>
	<datafield ind1="0" ind2="7" tag="600">
		<subfield code="a">Louis</subfield>
		<subfield code="b">XVI,</subfield>
		<subfield code="c">King of France,</subfield>
		<subfield code="d">1754-1793.</subfield>
		<subfield code="2">fast</subfield>
		<subfield code="0">(OCoLC)fst00052647</subfield>
	</datafield>
	<datafield ind1="0" ind2="2" tag="700">
		<subfield code="a">Louis</subfield>
		<subfield code="b">XVI,</subfield>
		<subfield code="c">King of France,</subfield>
		<subfield code="d">1754-1793.</subfield>
		<subfield code="t">Testament de Louis XVI.</subfield>
		<subfield code="l">Arabic.</subfield>
	</datafield>
	<datafield ind1="2" ind2=" " tag="710">
		<subfield code="a">Columbia University.</subfield>
		<subfield code="b">Libraries.</subfield>
	</datafield>
	<datafield ind1="0" ind2=" " tag="730">
		<subfield code="a">Arabic Collections Online.</subfield>
	</datafield>
	<datafield ind1="0" ind2="2" tag="740">
		<subfield code="6">880-07</subfield>
		<subfield code="a">Nubdhah tataḍammanu dhikr qatl Luwīs al-Sādis ʻAshar Malik Faransā wa-waṣīyatihi al-akhīrah.</subfield>
	</datafield>
	<datafield ind1="0" ind2="8" tag="776">
		<subfield code="i">Online version:</subfield>
		<subfield code="a">Sarkīs, Ibrāhīm.</subfield>
		<subfield code="t">Kītab Ṣawt al-nafīr .</subfield>
		<subfield code="d">Beirut, 1864</subfield>
		<subfield code="w">(OCoLC)654252168</subfield>
	</datafield>
	<datafield ind1="0" ind2="8" tag="776">
		<subfield code="i">Print version:</subfield>
		<subfield code="a">Sarkīs, Ibrāhīm, author.</subfield>
		<subfield code="t">Kitāb Ṣawt al-nafīr fī aʻmāl Iskandar al-Kabīr</subfield>
		<subfield code="w">(NNC)3111523</subfield>
		<subfield code="w">(OCoLC)967782745</subfield>
	</datafield>
	<datafield ind1="4" ind2="0" tag="856">
		<subfield code="u">http://hdl.handle.net/2333.1/w6m90cdk</subfield>
	</datafield>
	<datafield ind1="1" ind2=" " tag="880">
		<subfield code="6">100-01/(3/r</subfield>
		<subfield code="a">سركيس، إبراهيم،</subfield>
		<subfield code="e">مؤلف.</subfield>
	</datafield>
	<datafield ind1="1" ind2="0" tag="880">
		<subfield code="6">245-02/(3/r</subfield>
		<subfield code="a">كتاب صوت النفير في أعمال إسكندر الكبير /</subfield>
		<subfield code="c">تأليف إبراهيم سركيس اللبناني.</subfield>
	</datafield>
	<datafield ind1="3" ind2="0" tag="880">
		<subfield code="6">246-03/(3/r</subfield>
		<subfield code="a">صوت النفير في أعمال إسكندر الكبير</subfield>
	</datafield>
	<datafield ind1=" " ind2="1" tag="880">
		<subfield code="6">264-04/(3/r</subfield>
		<subfield code="a">بيروت :</subfield>
		<subfield code="b">إبراهيم وشاهين سركيس،</subfield>
		<subfield code="c">1864.</subfield>
	</datafield>
	<datafield ind1=" " ind2=" " tag="880">
		<subfield code="6">500-05/(3/r</subfield>
		<subfield code="a">&quot;نبذة تتضمن ذكر قتل لويس السادس عشر ملك فرنسا ووصيته الأخيرة&quot; (الصفحات 32-36).</subfield>
	</datafield>
	<datafield ind1=" " ind2=" " tag="880">
		<subfield code="6">500-06/(3/r</subfield>
		<subfield code="a">&quot;طبعه مؤلفه وأخوه شاهين سركيس في بيروت سنة 1864 مسيحية&quot;--صفحة 36.</subfield>
	</datafield>
	<datafield ind1="0" ind2="2" tag="880">
		<subfield code="6">740-07/(3/r</subfield>
		<subfield code="a">نبذة تتضمن ذكر قتل لويس السادس عشر ملك فرنسا ووصيته الأخيرة.</subfield>
	</datafield>
	<datafield ind1=" " ind2=" " tag="959">
		<subfield code="a">NNU</subfield>
		<subfield code="b">WEB</subfield>
		<subfield code="c">GENI</subfield>
		<subfield code="t">0</subfield>
		<subfield code="m">Electronic access</subfield>
		<subfield code="s">01</subfield>
	</datafield>
	<datafield ind1=" " ind2=" " tag="999">
		<subfield code="i">NNC_3111523</subfield>
		<subfield code="o">(OCoLC)ocn967782745</subfield>
		<subfield code="s">columbia_aco003113</subfield>
		<subfield code="e">(ERROR-880)</subfield>
	</datafield>
</record>
